<?xml version="1.0" encoding="UTF-8"?><collection xmlns="http://www.loc.gov/MARC21/slim"><record><leader>00538nam--2200181-i-4500</leader><controlfield tag="001">000048526</controlfield><controlfield tag="002">20161230</controlfield><controlfield tag="005">20161230201047</controlfield><controlfield tag="008">060222s1000------------r-----000-0-rum-d</controlfield><datafield ind1=" " ind2=" " tag="040"><subfield code="a">IFIN-HH</subfield></datafield><datafield ind1=" " ind2=" " tag="041"><subfield code="a">rum</subfield></datafield><datafield ind1=" " ind2=" " tag="080"><subfield code="a">539.13</subfield></datafield><datafield ind1="1" ind2=" " tag="100"><subfield code="a">Auslander, I</subfield></datafield><datafield ind1="1" ind2="0" tag="245"><subfield code="a">Particule stranii in razele cosmice</subfield><subfield code="c">I. auslander</subfield></datafield><datafield ind1=" " ind2=" " tag="260"><subfield code="a">Bucuresti</subfield><subfield code="b">Societatea Pentru Raspandirea Stiintei Si Culturii</subfield><subfield code="c">1961</subfield></datafield><datafield ind1=" " ind2=" " tag="490"><subfield code="a">Societatea Pentru Raspandirea Stiintei Si Culturii</subfield><subfield code="v">No.378</subfield></datafield><datafield ind1=" " ind2=" " tag="852"><subfield code="a">77727</subfield><subfield code="c">539.13</subfield></datafield><datafield ind1=" " ind2=" " tag="CAT"><subfield code="a">Sys</subfield><subfield code="c">20120227</subfield><subfield code="h">165705</subfield></datafield></record></collection>